@article{ross1999large,
  title={Large-scale analysis of the yeast genome by transposon tagging and gene disruption},
  author={Ross-Macdonald, Petra and Coelho, Paulo SR and Roemer, Terry and Agarwal, Seema and Kumar, Anuj and Jansen, Ronald and Cheung, Kei-Hoi and Sheehan, Amy and Symoniatis, Dawn and Umansky, Lara and others},
  journal={Nature},
  volume={402},
  number={6760},
  pages={413--418},
  year={1999},
  publisher={Nature Publishing Group}
}
@article{chong2015yeast,
  title={Yeast proteome dynamics from single cell imaging and automated analysis},
  author={Chong, Yolanda T and Koh, Judice LY and Friesen, Helena and Duffy, Supipi Kaluarachchi and Cox, Michael J and Moses, Alan and Moffat, Jason and Boone, Charles and Andrews, Brenda J},
  journal={Cell},
  volume={161},
  number={6},
  pages={1413--1424},
  year={2015},
  publisher={Elsevier}
}
@article{huh2003global,
  title={Global analysis of protein localization in budding yeast},
  author={Huh, Won-Ki and Falvo, James V and Gerke, Luke C and Carroll, Adam S and Howson, Russell W and Weissman, Jonathan S and O'Shea, Erin K},
  journal={Nature},
  volume={425},
  number={6959},
  pages={686--691},
  year={2003},
  publisher={Nature Publishing Group}
}
@article{benanti2007proteomic,
  title={A proteomic screen reveals SCF Grr1 targets that regulate the glycolytic--gluconeogenic switch},
  author={Benanti, Jennifer A and Cheung, Stephanie K and Brady, Mariska C and Toczyski, David P},
  journal={Nature cell biology},
  volume={9},
  number={10},
  pages={1184--1191},
  year={2007},
  publisher={Nature Publishing Group}
}
@article{mazumder2013single,
  title={Single-cell analysis of ribonucleotide reductase transcriptional and translational response to DNA damage},
  author={Mazumder, Aprotim and Tummler, Katja and Bathe, Mark and Samson, Leona D},
  journal={Molecular and cellular biology},
  volume={33},
  number={3},
  pages={635--642},
  year={2013},
  publisher={Am Soc Microbiol}
}
@article{loo2014quantitative,
  title={Quantitative protein localization signatures reveal an association between spatial and functional divergences of proteins},
  author={Loo, Lit-Hsin and Laksameethanasan, Danai and Tung, Yi-Ling},
  journal={PLoS computational biology},
  volume={10},
  number={3},
  year={2014},
  publisher={Public Library of Science}
}
@inproceedings{he2016deep,
  title={Deep residual learning for image recognition},
  author={He, Kaiming and Zhang, Xiangyu and Ren, Shaoqing and Sun, Jian},
  booktitle={Proceedings of the IEEE conference on computer vision and pattern recognition},
  pages={770--778},
  year={2016}
}
@inproceedings{krizhevsky2012imagenet,
  title={Imagenet classification with deep convolutional neural networks},
  author={Krizhevsky, Alex and Sutskever, Ilya and Hinton, Geoffrey E},
  booktitle={Advances in neural information processing systems},
  pages={1097--1105},
  year={2012}
}
